

% ======================== 1999 ============================= %

@inproceedings{hofmann1999probabilistic,
	title={Probabilistic latent semantic indexing},
	author={Hofmann, Thomas},
	booktitle={Proceedings of the 22nd annual international ACM SIGIR conference on Research and development in information retrieval},
	pages={50--57},
	year={1999}
}

@article{jordan1999introduction,
	title={An introduction to variational methods for graphical models},
	author={Jordan, Michael I and Ghahramani, Zoubin and Jaakkola, Tommi S and Saul, Lawrence K},
	journal={Machine learning},
	volume={37},
	number={2},
	pages={183--233},
	year={1999},
	publisher={Springer}
}
% ======================== 2003 ============================= %

@article{blei2003latent,
	title={Latent dirichlet allocation},
	author={Blei, David M and Ng, Andrew Y and Jordan, Michael I},
	journal={the Journal of machine Learning research},
	volume={3},
	pages={993--1022},
	year={2003},
	publisher={JMLR. org}
}

% ======================== 2008 ============================= %
@article{wainwright2008graphical,
	title={Graphical Models, Exponential Families, and Variational Inference},
	author={Wainwright, Martin J and Jordan, Michael I},
	journal={Foundations and Trends{\textregistered} in Machine Learning},
	volume={1},
	number={1-2},
	pages={1--305},
	year={2008},
	publisher={Now Publishers Inc. Hanover, MA, USA}
}

% ======================== 2009 ============================= %
@article{hinton2009replicated,
	title={Replicated softmax: an undirected topic model},
	author={Hinton, Geoffrey E and Salakhutdinov, Russ R},
	journal={Advances in neural information processing systems},
	volume={22},
	pages={1607--1614},
	year={2009}
}


% ======================== 2014 ============================= %
@inproceedings{kingma2013auto,
	author    = {Diederik P. Kingma and
	Max Welling},
	editor    = {Yoshua Bengio and
	Yann LeCun},
	title     = {Auto-Encoding Variational Bayes},
	booktitle = {2nd International Conference on Learning Representations, {ICLR} 2014,
	Banff, AB, Canada, April 14-16, 2014, Conference Track Proceedings},
	year      = {2014},
	url       = {http://arxiv.org/abs/1312.6114},
	timestamp = {Thu, 04 Apr 2019 13:20:07 +0200},
	biburl    = {https://dblp.org/rec/journals/corr/KingmaW13.bib},
	bibsource = {dblp computer science bibliography, https://dblp.org}
}

@inproceedings{rezende2014stochastic,
	title={Stochastic backpropagation and approximate inference in deep generative models},
	author={Rezende, Danilo Jimenez and Mohamed, Shakir and Wierstra, Daan},
	booktitle={International conference on machine learning},
	pages={1278--1286},
	year={2014},
	organization={PMLR}
}

@inproceedings{titsias2014doubly,
	title={Doubly stochastic variational Bayes for non-conjugate inference},
	author={Titsias, Michalis and L{\'a}zaro-Gredilla, Miguel},
	booktitle={International conference on machine learning},
	pages={1971--1979},
	year={2014},
	organization={PMLR}
}
% ======================== 2016 ============================= %

@inproceedings{nallapati2016abstractive,
	title={Abstractive Text Summarization using Sequence-to-sequence RNNs and Beyond},
	author={Nallapati, Ramesh and Zhou, Bowen and dos Santos, Cicero and Gu̇l{\c{c}}ehre, {\c{C}}a{\u{g}}lar and Xiang, Bing},
	booktitle={Proceedings of The 20th SIGNLL Conference on Computational Natural Language Learning},
	pages={280--290},
	year={2016}
}

% ======================== 2017 ============================= %
@inproceedings{miao2017discovering,
	title={Discovering discrete latent topics with neural variational inference},
	author={Miao, Yishu and Grefenstette, Edward and Blunsom, Phil},
	booktitle={International Conference on Machine Learning},
	pages={2410--2419},
	year={2017},
	organization={PMLR}
}

@inproceedings{see2017get,
	title={Get To The Point: Summarization with Pointer-Generator Networks},
	author={See, Abigail and Liu, Peter J and Manning, Christopher D},
	booktitle={Proceedings of the 55th Annual Meeting of the Association for Computational Linguistics (Volume 1: Long Papers)},
	pages={1073--1083},
	year={2017}
}

@inproceedings{olteanu2017distilling,
	title={Distilling the outcomes of personal experiences: A propensity-scored analysis of social media},
	author={Olteanu, Alexandra and Varol, Onur and Kiciman, Emre},
	booktitle={Proceedings of the 2017 ACM Conference on Computer Supported Cooperative Work and Social Computing},
	pages={370--386},
	year={2017}
}

% ======================== 2019 ============================= %
@article{liu2019roberta,
	author    = {Yinhan Liu and
	Myle Ott and
	Naman Goyal and
	Jingfei Du and
	Mandar Joshi and
	Danqi Chen and
	Omer Levy and
	Mike Lewis and
	Luke Zettlemoyer and
	Veselin Stoyanov},
	title     = {RoBERTa: {A} Robustly Optimized {BERT} Pretraining Approach},
	journal   = {CoRR},
	volume    = {abs/1907.11692},
	year      = {2019},
	url       = {http://arxiv.org/abs/1907.11692},
	eprinttype = {arXiv},
	eprint    = {1907.11692},
	timestamp = {Thu, 01 Aug 2019 08:59:33 +0200},
	biburl    = {https://dblp.org/rec/journals/corr/abs-1907-11692.bib},
	bibsource = {dblp computer science bibliography, https://dblp.org}
}

% ======================== 2020 ============================= %

@article{dieng2020topic,
	title={Topic modeling in embedding spaces},
	author={Dieng, Adji B and Ruiz, Francisco JR and Blei, David M},
	journal={Transactions of the Association for Computational Linguistics},
	volume={8},
	pages={439--453},
	year={2020},
	publisher={MIT Press}
}

@inproceedings{keith2020text,
	title={Text and Causal Inference: A Review of Using Text to Remove Confounding from Causal Estimates},
	author={Keith, Katherine and Jensen, David and O’Connor, Brendan},
	booktitle={Proceedings of the 58th Annual Meeting of the Association for Computational Linguistics},
	pages={5332--5344},
	year={2020}
}

@inproceedings{veitch2020adapting,
	title={Adapting text embeddings for causal inference},
	author={Veitch, Victor and Sridhar, Dhanya and Blei, David},
	booktitle={Conference on Uncertainty in Artificial Intelligence},
	pages={919--928},
	year={2020},
	organization={PMLR}
}

